<record><leader>00000cas a2200000 a 4500</leader><controlfield tag="001">36975426</controlfield><controlfield tag="008">970528d19521956cauwr ne      0    0eng c</controlfield><datafield ind1=" " ind2=" " tag="010"><subfield code="a">sn 97060403 </subfield></datafield><datafield ind1=" " ind2=" " tag="040"><subfield code="a">CNK</subfield><subfield code="b">eng</subfield><subfield code="c">CNK</subfield><subfield code="d">OCLCQ</subfield><subfield code="d">CNK</subfield><subfield code="d">OCLCQ</subfield><subfield code="d">OCLCF</subfield><subfield code="d">OCLCO</subfield></datafield><datafield ind1="1" ind2=" " tag="029"><subfield code="a">AU@</subfield><subfield code="b">000024824198</subfield></datafield><datafield ind1=" " ind2=" " tag="042"><subfield code="a">pcc</subfield></datafield><datafield ind1=" " ind2=" " tag="043"><subfield code="a">n-us-ca</subfield></datafield><datafield ind1="0" ind2=" " tag="130"><subfield code="a">South Antelope Valley press (Palmdale, Calif. : 1952)</subfield></datafield><datafield ind1="1" ind2="0" tag="245"><subfield code="a">South Antelope Valley press.</subfield></datafield><datafield ind1="3" ind2=" " tag="246"><subfield code="a">Valley press</subfield></datafield><datafield ind1=" " ind2=" " tag="260"><subfield code="a">Palmdale, Calif. :</subfield><subfield code="b">C.B. Colby</subfield></datafield><datafield ind1=" " ind2=" " tag="300"><subfield code="a">v.</subfield></datafield><datafield ind1=" " ind2=" " tag="310"><subfield code="a">Weekly</subfield></datafield><datafield ind1="0" ind2=" " tag="362"><subfield code="a">31st year, no. 9 (July 24, 1952)-34th year, no. 44 (Apr. 5, 1956).</subfield></datafield><datafield ind1=" " ind2=" " tag="500"><subfield code="a">"South Antelope" appears in small type above "Valley press."</subfield></datafield><datafield ind1=" " ind2=" " tag="530"><subfield code="a">Master negatives are available for duplication from:</subfield><subfield code="b">California Newspaper Microfilm Archive;</subfield><subfield code="c">positive copies may be purchased by the reel; for further information consult the CNMA at:</subfield><subfield code="u">http://cbsr.ucr.edu</subfield></datafield><datafield ind1=" " ind2="0" tag="651"><subfield code="a">Antelope Valley (Calif.)</subfield><subfield code="v">Newspapers.</subfield></datafield><datafield ind1=" " ind2="7" tag="655"><subfield code="a">Newspapers.</subfield><subfield code="2">fast</subfield><subfield code="0">(OCoLC)fst01423814</subfield></datafield><datafield ind1=" " ind2="7" tag="651"><subfield code="a">California</subfield><subfield code="z">Antelope Valley.</subfield><subfield code="2">fast</subfield><subfield code="0">(OCoLC)fst01239995</subfield></datafield><datafield ind1=" " ind2=" " tag="752"><subfield code="a">United States</subfield><subfield code="b">California</subfield><subfield code="c">Los Angeles</subfield><subfield code="d">Palmdale.</subfield></datafield><datafield ind1="0" ind2="0" tag="780"><subfield code="t">Antelope Valley press the South Antelope Valley press</subfield><subfield code="w">(DLC)sn 97060402</subfield></datafield><datafield ind1="0" ind2="0" tag="785"><subfield code="t">Antelope Valley press</subfield><subfield code="w">(DLC)sn 82002496</subfield></datafield></record>